<record><leader>00000cas a22000007a 4500</leader><controlfield tag="001">11818215</controlfield><controlfield tag="008">850318d18761878nyudn ne      0    0ger d</controlfield><datafield ind1=" " ind2=" " tag="010"><subfield code="a">sn 85025624 </subfield></datafield><datafield ind1=" " ind2=" " tag="040"><subfield code="a">NPX</subfield><subfield code="b">eng</subfield><subfield code="c">NPX</subfield><subfield code="d">YOX</subfield><subfield code="d">OCLCQ</subfield><subfield code="d">OCLCF</subfield><subfield code="d">OCLCO</subfield></datafield><datafield ind1=" " ind2=" " tag="042"><subfield code="a">msc</subfield></datafield><datafield ind1=" " ind2=" " tag="043"><subfield code="a">n-us-ny</subfield></datafield><datafield ind1="0" ind2=" " tag="130"><subfield code="a">New Yorker allgemeine Zeitung (New York, N.Y. : Daily)</subfield></datafield><datafield ind1="1" ind2="0" tag="245"><subfield code="a">New Yorker allgemeine Zeitung.</subfield></datafield><datafield ind1=" " ind2=" " tag="260"><subfield code="a">[New York, N.Y.] :</subfield><subfield code="b">Wilhelm Mayer</subfield></datafield><datafield ind1=" " ind2=" " tag="300"><subfield code="a">v.</subfield></datafield><datafield ind1=" " ind2=" " tag="310"><subfield code="a">Daily (except Sun.)</subfield></datafield><datafield ind1="1" ind2=" " tag="362"><subfield code="a">Began in 1876; ceased in 1878?</subfield></datafield><datafield ind1=" " ind2=" " tag="546"><subfield code="a">In German.</subfield></datafield><datafield ind1=" " ind2=" " tag="580"><subfield code="a">Weekly ed.: New Yorker allgemeine Zeitung (New York, N.Y. : Weekly).</subfield></datafield><datafield ind1=" " ind2=" " tag="580"><subfield code="a">Sunday ed.: Beobachter am Hudson.</subfield></datafield><datafield ind1=" " ind2=" " tag="588"><subfield code="a">Description based on: Jahrg. 30, Nr. 249 (3. Nov. 1876).</subfield></datafield><datafield ind1=" " ind2="0" tag="650"><subfield code="a">Germans</subfield><subfield code="z">New York (State)</subfield><subfield code="v">Newspapers.</subfield></datafield><datafield ind1=" " ind2="7" tag="655"><subfield code="a">Newspapers.</subfield><subfield code="2">fast</subfield><subfield code="0">(OCoLC)fst01423814</subfield></datafield><datafield ind1=" " ind2="7" tag="650"><subfield code="a">Germans.</subfield><subfield code="2">fast</subfield><subfield code="0">(OCoLC)fst00942100</subfield></datafield><datafield ind1=" " ind2="7" tag="651"><subfield code="a">New York (State)</subfield><subfield code="2">fast</subfield><subfield code="0">(OCoLC)fst01210280</subfield></datafield><datafield ind1=" " ind2=" " tag="752"><subfield code="a">United States</subfield><subfield code="b">New York</subfield><subfield code="c">New York</subfield><subfield code="d">New York.</subfield></datafield><datafield ind1="1" ind2=" " tag="775"><subfield code="t">New Yorker allgemeine Zeitung (New York, N.Y. : Weekly)</subfield><subfield code="w">(DLC)sn 85025625</subfield></datafield><datafield ind1="1" ind2=" " tag="775"><subfield code="t">Beobachter am Hudson</subfield><subfield code="w">(DLC)sn 85025623</subfield></datafield><datafield ind1="0" ind2="0" tag="780"><subfield code="t">New-Yorker Demokrat (New York, N.Y. : Daily)</subfield><subfield code="w">(DLC)sn 83030069</subfield></datafield><datafield ind1="0" ind2="0" tag="785"><subfield code="t">New Yorker Zeitung (New York, N.Y. : 1879)</subfield><subfield code="w">(DLC)sn 83030256</subfield></datafield></record>